<?xml version="1.0" encoding="UTF-8"?><collection xmlns="http://www.loc.gov/MARC21/slim"><record><leader>00404nam--2200133-i-4500</leader><controlfield tag="001">000043950</controlfield><controlfield tag="002">20161230</controlfield><controlfield tag="005">20161230201044</controlfield><controlfield tag="008">060222s1000------------r-----000-0-eng-d</controlfield><datafield ind1=" " ind2=" " tag="080"><subfield code="a">541.63:547(043)</subfield></datafield><datafield ind1=" " ind2=" " tag="100"><subfield code="a">Tochapla,Alain</subfield></datafield><datafield ind1=" " ind2=" " tag="245"><subfield code="a">Etude de la conformation des diamoniums aliphatiques en solution. conformation en solution des composes....these</subfield></datafield><datafield ind1=" " ind2=" " tag="260"><subfield code="a">Paris, Univ.,1979. 225 P</subfield></datafield><datafield ind1=" " ind2=" " tag="852"><subfield code="a">48481</subfield></datafield></record></collection>